@manual{ehcache_documentation_ref,
	author			= {Terracotta},
	title 			= {Ehcache - Documentation},
	year 			= {2014},
	note			= {dostęp: 2014-06-24},
	url				= {http://ehcache.org/documentation/index}
}
@manual{spring_documentation_reference,
	author 			= {Pivotal Software},
	title		 	= {Spring Framework Reference Documentation},
	year 			= {2014},
	note			= {dostęp: 2014-06-24},
	url				= {http://docs.spring.io/spring/docs/4.0.0.RELEASE/spring-framework-reference/htmlsingle/}
}
@manual{spring_swf_reference,
	author 			= {Pivotal Software},
	title		 	= {Spring Web Flow Reference Documentation},
	year 			= {2014},
	note			= {dostęp: 2014-06-24},
	url				= {http://docs.spring.io/spring-webflow/docs/2.4.x/reference/htmlsingle/}
}
@misc{unified_el,
	author 			= {Oracle Corporation},
	title		 	= {Unified Expression Language},
	year 			= {2013},
	note			= {dostęp: 2014-06-24},
	url				= {https://uel.java.net/}
}
@misc{asp_net,
	author 			= {Microsoft},
	title		 	= {The Official Microsoft ASP.NET},
	year 			= {2014},
	note			= {dostęp: 2014-06-24},
	url				= {http://www.asp.net/}
}
@manual{jsp_spec,
	title 			= {JavaServer Pages Standard Tag Library},
	note			= {dostęp: 2014-06-24},
	url				= {http://docs.oracle.com/javaee/5/tutorial/doc/bnakc.html}
}
@manual{jpql,
	title			= {Java Persistence Query Language},
	note			= {dostęp: 2014-06-24},
	url				= {http://docs.oracle.com/javaee/7/tutorial/doc/persistence-querylanguage.htm}
}
@manual{c3p0,
	title			= {c3p0 - JDBC3 Connection And Statement Pooling},
	note			= {dostęp: 2014-06-24},
	url				= {http://www.mchange.com/projects/c3p0/}
}
@book{art_of_java_web_dev,
	title 			= {Art of Java Web Development},
	author			= {Neal Ford},
	publisher 		= {Manning Publications},
	year 			= {2004}
}
@book{spring_recipies,
	title			= {Spring Recipies},
	author			= {Gary Mak, Josh Long, Daniel Rubio},
	publisher		= {Apress},
	year			= {2010},
	note			= {ISBN: 978-1-4302-2499-0} 
}
@book{spring_data,
	title			= {Spring Data: Modern Data Access For Enterprise Java},
	author			= {Mark Pollack, Olivier Gierke, Thomas Risber, Jonathan L. Brisbin, Michael Huner},
	publisher		= {O'Reilly},
	year			= {2013},
	note			= {ISBN: 978-1-449-32395-0} 
}
@online{christoper_alexander_influence,
	author 			= {Wikipedia Project},
	title 			= {Christopher Alexander},
	year 			= {2014},
	note			= {dostęp: 2014-06-24},
	url 			= {http://en.wikipedia.org/wiki/Christopher_Alexander#Computer_science}
}
@phdthesis {framework_design_-_a_role_modeling_approach,
	author 		= {Dirk Riehle},
	title		= {Framework Design: A Role Modelling Approach},
	year		= {2000},
	school		= {ETH Zürich}
}
@online{polish_dictionary,
	author		= {Wydawnictwo Naukowe PWN SA},
	title		= {Słownik Języka Polskiego},
	note		= {dostęp: 2014-06-24},
	url			= {http://sjp.pwn.pl/}
}
@online{chidamberKemerer,
	author		= {Chidamber & Kemerer},
	title		= {Chidamber & Kemerer object-oriented metrics suite},
	note		= {dostęp: 2014-06-24},
	url			= {http://www.aivosto.com/project/help/pm-oo-ck.html}
}
@online{moodMetrics,
	author		= {Fernando Brito e Abreu},
	title		= {MOOD Metrics},
	note		= {dostęp: 2014-06-24},
	url			= {http://www.aivosto.com/project/help/pm-oo-mood.html}
}
@online{java_jms,
	author	= {Oracle},
	title 	= {Overview of the JMS API},
	note	= {dostęp: 2014-06-24},
	url 	= {http://docs.oracle.com/javaee/7/tutorial/doc/jms-concepts001.htm}
}
@online{java_jmx,
	author	= {Oracle},
	title 	= {Overview of the JMX Technology},
	note	= {dostęp: 2014-06-24},
	url 	= {http://docs.oracle.com/javase/tutorial/jmx/overview/index.html}
}
@online{fullCalendar,
	author	= {Adam Shaw},
	title	= {Full Calendar},
	note	= {dostęp: 2014-06-24},
	url		= {http://arshaw.com/fullcalendar/}
}
@book{the_art_of_unit_testing,
	title 			= {The Art of Unit Testing},
	author			= {Roy Osherove},
	publisher 		= {Manning Publications},
	year 			= {2009},
	note			= {ISBN: 978-1-933988-27-6}
}

